<record><leader>00000cas a22000007a 4500</leader><controlfield tag="001">9820216</controlfield><controlfield tag="008">830818d18761880riuwr ne      0    0eng d</controlfield><controlfield tag="009">3768</controlfield><datafield ind1=" " ind2=" " tag="010"><subfield code="a">sn 83021114 </subfield></datafield><datafield ind1=" " ind2=" " tag="040"><subfield code="a">NPX</subfield><subfield code="b">eng</subfield><subfield code="c">NPX</subfield><subfield code="d">RHN</subfield><subfield code="d">OCLCQ</subfield></datafield><datafield ind1=" " ind2=" " tag="042"><subfield code="a">msc</subfield></datafield><datafield ind1=" " ind2=" " tag="043"><subfield code="a">n-us-ri</subfield></datafield><datafield ind1="0" ind2="0" tag="245"><subfield code="a">Wood River advertiser.</subfield></datafield><datafield ind1=" " ind2=" " tag="260"><subfield code="a">Hope Valley, R.I. :</subfield><subfield code="b">L.W.A. Cole</subfield></datafield><datafield ind1=" " ind2=" " tag="300"><subfield code="a">v.</subfield></datafield><datafield ind1=" " ind2=" " tag="310"><subfield code="a">Weekly</subfield></datafield><datafield ind1="0" ind2=" " tag="362"><subfield code="a">Vol. 1, no. 1 (Jan. 6, 1876)-v. 5, no. 52 (Dec. 23, 1880).</subfield></datafield><datafield ind1=" " ind2=" " tag="515"><subfield code="a">Sample issue numbered Vol. 0, no. 0, issued in Dec. 1875.</subfield></datafield><datafield ind1=" " ind2=" " tag="530"><subfield code="a">Available in microform from Bell &amp; Howell, Micro-photo division.</subfield></datafield><datafield ind1=" " ind2="4" tag="651"><subfield code="a">Hopkinton (R.I. : Town)</subfield><subfield code="v">Newspapers.</subfield></datafield><datafield ind1=" " ind2=" " tag="752"><subfield code="a">United States</subfield><subfield code="b">Rhode Island</subfield><subfield code="c">Washington</subfield><subfield code="d">Hope Valley.</subfield></datafield><datafield ind1="0" ind2="0" tag="785"><subfield code="t">Hope Valley advertiser (Hope Valley, R.I. : 1881)</subfield><subfield code="w">(DLC)sn 92063981</subfield></datafield></record>